@Book{larson,
author = {Harold J. Larson},
title = {Introduction to Probability Theory and Statistical Inference},
publisher = {John Wiley \& Sons},
year = {1982},
edition = {3}
}

@Book{casella,
author = {George Casella and Roger L. Berger},
title = {Statistical Inference},
publisher = {Duxbury},
year = {2004},
edition = {2}
}

@book{robert_casella,
 author = {Robert, Christian P. and Casella, George},
 title = {Monte Carlo Statistical Methods (Springer Texts in Statistics)},
 year = {2005},
 isbn = {0387212396},
 publisher = {Springer-Verlag New York, Inc.},
 address = {Secaucus, NJ, USA}
}

@book{robert_casella_R,
 author = {Christian P. Robert and George Casella},
 title = {Introducing Monte Carlo Methods with R (Use R)},
 year = {2009},
 isbn = {1441915753, 9781441915757},
 edition = {1st},
 publisher = {Springer-Verlag},
 address = {Berlin, Heidelberg}
} 

@book{james,
author = {Barry R. James},
title = {Probabilidade: um curso intermedi\'ario},
publisher = {Impa},
year = {2004},
edition = {3}
}

@Book{ross_simulation,
author = {Sheldon M. Ross},
title = {Simulation},
publisher = {Academic Press},
year = {2006},
edition = {4}
}

@Book{ross_probability,
author = {Sheldon M Ross},
title = {A First Course in Probability},
publisher = {Prentice Hall},
year = {2010},
edition = {8}
}
